@article{hyett2023velocity,
  title={Velocity gradient prediction using parameterized Lagrangian deformation models},
  author={Hyett, Criston and Tian, Yifeng and Stepanov, Mikhail and Livescu, Daniel and Chertkov, Michael},
  journal={Bulletin of the American Physical Society},
  year={2023},
  publisher={American Physical Society}
}

@inproceedings{hyett2021machine,
  title={Machine Learning Statistical Evolution of the Coarse-Grained Velocity Gradient Tensor},
  author={Hyett, Criston and Chertkov, Michael and Tian, Yifeng and Livescu, Daniel and Stepanov, Mikhail},
  booktitle={APS Division of Fluid Dynamics Meeting Abstracts},
  pages={E31--009},
  year={2021}
}