@misc{hyett2023control,
      title={Control of Line Pack in Natural Gas System: Balancing Limited Resources under Uncertainty}, 
      author={Criston Hyett and Laurent Pagnier and Jean Alisse and Lilach Sabban and Igal Goldshtein and Michael Chertkov},
      year={2023},
      eprint={2304.01955},
      archivePrefix={arXiv},
      primaryClass={math.DS}
}

@article{woodward2021physics3,
  title={Physics Informed Machine Learning of SPH: Machine Learning Lagrangian Turbulence},
  author={Woodward, Michael and Tian, Yifeng and Hyett, Criston and Fryer, Chris and Livescu, Daniel and Stepanov, Mikhail and Chertkov, Michael},
  journal={arXiv preprint arXiv:2110.13311},
  year={2021}
}

@article{tian2022physics,
  title={Physics-informed Machine Learning for Reduced-order Modeling of Lagrangian Turbulence},
  author={Tian, Yifeng and Woodward, Michael and Stepanov, Mikhail and Fryer, Chris and Hyett, Criston and Chertkov, Michael and Livescu, Daniel},
  journal={Bulletin of the American Physical Society},
  year={2022},
  publisher={American Physical Society}
}

@article{tian2022lagrangian,
  title={Lagrangian Large Eddy Simulations via Physics Informed Machine Learning},
  author={Tian, Yifeng and Woodward, Michael and Stepanov, Mikhail and Fryer, Chris and Hyett, Criston and Livescu, Daniel and Chertkov, Michael},
  journal={arXiv preprint arXiv:2207.04012},
  year={2022}
}

