@misc{hyett2023differentiable,
      title={Differentiable Simulator For Dynamic and Stochastic Optimal Gas and Power Flows}, 
      author={Criston Hyett and Laurent Pagnier and Jean Alisse and Igal Goldshtein and Lilah Saban and Robert Ferrando and Michael Chertkov},
      year={2023},
      eprint={2310.18507},
      archivePrefix={arXiv},
      primaryClass={math.OC}
}

@inproceedings{hyett2023control,
  title={Control of Line Pack in Natural Gas System: Balancing Limited Resources under Uncertainty},
  author={Hyett, Criston and Pagnier, Laurent and Alisse, Jean and Sabban, Lilach and Goldshtein, Igal and Chertkov, Michael},
  booktitle={PSIG Annual Meeting},
  pages={PSIG--2314},
  year={2023},
  organization={PSIG}
}


@article{woodward2021physics3,
  title={Physics Informed Machine Learning of SPH: Machine Learning Lagrangian Turbulence},
  author={Woodward, Michael and Tian, Yifeng and Hyett, Criston and Fryer, Chris and Livescu, Daniel and Stepanov, Mikhail and Chertkov, Michael},
  journal={arXiv preprint arXiv:2110.13311},
  year={2021}
}

@article{tian2022lagrangian,
  title={Lagrangian Large Eddy Simulations via Physics Informed Machine Learning},
  author={Tian, Yifeng and Woodward, Michael and Stepanov, Mikhail and Fryer, Chris and Hyett, Criston and Livescu, Daniel and Chertkov, Michael},
  journal={arXiv preprint arXiv:2207.04012},
  year={2022}
}

