@inproceedings{hyett2021machine,
  title={Machine Learning Statistical Evolution of the Coarse-Grained Velocity Gradient Tensor},
  author={Hyett, Criston and Chertkov, Michael and Tian, Yifeng and Livescu, Daniel and Stepanov, Mikhail},
  booktitle={APS Division of Fluid Dynamics Meeting Abstracts},
  pages={E31--009},
  year={2021}
}

@inproceedings{hyett2020machine,
  title={Machine Learning Statistical Lagrangian Geometry of Turbulence},
  author={Hyett, Criston and Chertkov, Michael and Tian, Yifeng and Livescu, Daniel},
  booktitle={APS Division of Fluid Dynamics Meeting Abstracts},
  pages={S01--024},
  year={2020}
}

@inproceedings{hyett2021data,
  title={Data-Analysis of the Coarse-Grained Velocity Gradient Tensor},
  author={Hyett, Criston and Tian, Yifeng and Chertkov, Michael and Livescu, Daniel and Stepanov, Mikhail},
  booktitle={APS Division of Fluid Dynamics Meeting Abstracts},
  pages={N01--011},
  year={2021}
}

@article{hyett2022applicability,
  title={Applicability of Machine Learning Methodologies to Model the Statistical Evolution of the Coarse-Grained Velocity Gradient Tensor},
  author={Hyett, Criston and Tian, Yifeng and Woodward, Michael and Chertkov, Michael and Livescu, Daniel and Stepanov, Mikhail},
  journal={Bulletin of the American Physical Society},
  year=2022,
  publisher={American Physical Society}
}